@inproceedings{fun/BrockenHKLS21,
  author    = {Thomas Brocken and
               G. Wessel van der Heijden and
               Irina Kostitsyna and
               Lloyd E. Lo{-}Wong and
               Remco J. A. Surtel},
  bibsource = {dblp computer science bibliography, https://dblp.org},
  biburl    = {https://dblp.org/rec/conf/fun/BrockenHKLS21.bib},
  booktitle = {10th International Conference on Fun with Algorithms, {FUN} 2021,
               May 30 to June 1, 2021, Favignana Island, Sicily, Italy},
  doi       = {10.4230/LIPIcs.FUN.2021.15},
  editor    = {Martin Farach{-}Colton and
               Giuseppe Prencipe and
               Ryuhei Uehara},
  pages     = {15:1--15:16},
  publisher = {Schloss Dagstuhl - Leibniz-Zentrum f{\"{u}}r Informatik},
  series    = {LIPIcs},
  timestamp = {Mon, 21 Dec 2020 13:23:22 +0100},
  title     = {Multi-Robot Motion Planning of k-Colored Discs Is PSPACE-Hard},
  url       = {https://doi.org/10.4230/LIPIcs.FUN.2021.15},
  volume    = {157},
  year      = {2021}
}

@inproceedings{compgeom/BanyassadyBBBFH22,
  author    = {Bahareh Banyassady and
               Mark de Berg and
               Karl Bringmann and
               Kevin Buchin and
               Henning Fernau and
               Dan Halperin and
               Irina Kostitsyna and
               Yoshio Okamoto and
               Stijn Slot},
  bibsource = {dblp computer science bibliography, https://dblp.org},
  biburl    = {https://dblp.org/rec/conf/compgeom/BanyassadyBBBFH22.bib},
  booktitle = {38th International Symposium on Computational Geometry, SoCG 2022,
               June 7-10, 2022, Berlin, Germany},
  doi       = {10.4230/LIPIcs.SoCG.2022.12},
  editor    = {Xavier Goaoc and
               Michael Kerber},
  pages     = {12:1--12:16},
  publisher = {Schloss Dagstuhl - Leibniz-Zentrum f{\"{u}}r Informatik},
  series    = {LIPIcs},
  timestamp = {Wed, 01 Jun 2022 17:01:01 +0200},
  title     = {Unlabeled Multi-Robot Motion Planning with Tighter Separation Bounds},
  url       = {https://doi.org/10.4230/LIPIcs.SoCG.2022.12},
  volume    = {224},
  year      = {2022}
}

@article{siamcomp/DemaineFKMS19,
  author    = {Erik D. Demaine and
               S{\'{a}}ndor P. Fekete and
               Phillip Keldenich and
               Henk Meijer and
               Christian Scheffer},
  bibsource = {dblp computer science bibliography, https://dblp.org},
  biburl    = {https://dblp.org/rec/journals/siamcomp/DemaineFKMS19.bib},
  doi       = {10.1137/18M1194341},
  journal   = {{SIAM} J. Comput.},
  number    = {6},
  pages     = {1727--1762},
  timestamp = {Fri, 27 Mar 2020 08:42:56 +0100},
  title     = {Coordinated Motion Planning: Reconfiguring a Swarm of Labeled Robots
               with Bounded Stretch},
  url       = {https://doi.org/10.1137/18M1194341},
  volume    = {48},
  year      = {2019}
}

@inproceedings{focs/KornhauserMS84,
  author    = {Daniel Kornhauser and
               Gary L. Miller and
               Paul G. Spirakis},
  bibsource = {dblp computer science bibliography, https://dblp.org},
  biburl    = {https://dblp.org/rec/conf/focs/KornhauserMS84.bib},
  booktitle = {25th Annual Symposium on Foundations of Computer Science, West Palm
               Beach, Florida, USA, 24-26 October 1984},
  doi       = {10.1109/SFCS.1984.715921},
  pages     = {241--250},
  publisher = {{IEEE} Computer Society},
  timestamp = {Wed, 16 Oct 2019 14:14:54 +0200},
  title     = {Coordinating Pebble Motion on Graphs, the Diameter of Permutation
               Groups, and Applications},
  url       = {https://doi.org/10.1109/SFCS.1984.715921},
  year      = {1984}
}


@incollection{robo/ParkerRS16,
  author    = {Lynne E. Parker and
               Daniela Rus and
               Gaurav S. Sukhatme},
  bibsource = {dblp computer science bibliography, https://dblp.org},
  biburl    = {https://dblp.org/rec/reference/robo/ParkerRS16.bib},
  booktitle = {Springer Handbook of Robotics},
  doi       = {10.1007/978-3-319-32552-1\_53},
  editor    = {Bruno Siciliano and
               Oussama Khatib},
  pages     = {1335--1384},
  publisher = {Springer},
  series    = {Springer Handbooks},
  timestamp = {Sun, 25 Jul 2021 11:43:37 +0200},
  title     = {Multiple Mobile Robot Systems},
  url       = {https://doi.org/10.1007/978-3-319-32552-1\_53},
  year      = {2016}
}



@incollection{robo/ChiaveriniOM16,
  author    = {Stefano Chiaverini and
               Giuseppe Oriolo and
               Anthony A. Maciejewski},
  bibsource = {dblp computer science bibliography, https://dblp.org},
  biburl    = {https://dblp.org/rec/reference/robo/ChiaveriniOM16.bib},
  booktitle = {Springer Handbook of Robotics},
  doi       = {10.1007/978-3-319-32552-1\_10},
  editor    = {Bruno Siciliano and
               Oussama Khatib},
  pages     = {221--242},
  publisher = {Springer},
  series    = {Springer Handbooks},
  timestamp = {Thu, 14 Oct 2021 09:45:23 +0200},
  title     = {Redundant Robots},
  url       = {https://doi.org/10.1007/978-3-319-32552-1\_10},
  year      = {2016}
}




@article{arobots/ShomeSDHB20,
  author    = {Rahul Shome and
               Kiril Solovey and
               Andrew Dobson and
               Dan Halperin and
               Kostas E. Bekris},
  bibsource = {dblp computer science bibliography, https://dblp.org},
  biburl    = {https://dblp.org/rec/journals/arobots/ShomeSDHB20.bib},
  doi       = {10.1007/s10514-019-09832-9},
  journal   = {Auton. Robots},
  number    = {3-4},
  pages     = {443--467},
  timestamp = {Mon, 25 May 2020 15:58:08 +0200},
  title     = {dRRT\({}^{\mbox{*}}\): Scalable and informed asymptotically-optimal
               multi-robot motion planning},
  url       = {https://doi.org/10.1007/s10514-019-09832-9},
  volume    = {44},
  year      = {2020}
}


@article{ijrr/SoloveyH14,
  author    = {Kiril Solovey and
               Dan Halperin},
  bibsource = {dblp computer science bibliography, https://dblp.org},
  biburl    = {https://dblp.org/rec/journals/ijrr/SoloveyH14.bib},
  doi       = {10.1177/0278364913506268},
  journal   = {Int. J. Robotics Res.},
  number    = {1},
  pages     = {82--97},
  timestamp = {Thu, 17 Sep 2020 12:02:10 +0200},
  title     = {\emph{k}-color multi-robot motion planning},
  url       = {https://doi.org/10.1177/0278364913506268},
  volume    = {33},
  year      = {2014}
}

@article{trob/YuL16,
  author    = {Jingjin Yu and
               Steven M. LaValle},
  bibsource = {dblp computer science bibliography, https://dblp.org},
  biburl    = {https://dblp.org/rec/journals/trob/YuL16.bib},
  doi       = {10.1109/TRO.2016.2593448},
  journal   = {{IEEE} Trans. Robotics},
  number    = {5},
  pages     = {1163--1177},
  timestamp = {Sat, 20 May 2017 00:25:25 +0200},
  title     = {Optimal Multirobot Path Planning on Graphs: Complete Algorithms and
               Effective Heuristics},
  url       = {https://doi.org/10.1109/TRO.2016.2593448},
  volume    = {32},
  year      = {2016}
}

@article{corr/YuL15c,
  author     = {Jingjin Yu and
                Steven M. LaValle},
  bibsource  = {dblp computer science bibliography, https://dblp.org},
  biburl     = {https://dblp.org/rec/journals/corr/YuL15c.bib},
  eprint     = {1507.03289},
  eprinttype = {arXiv},
  journal    = {CoRR},
  timestamp  = {Mon, 13 Aug 2018 16:48:24 +0200},
  title      = {Optimal Multi-Robot Path Planning on Graphs: Structure and Computational
                Complexity},
  url        = {http://arxiv.org/abs/1507.03289},
  volume     = {abs/1507.03289},
  year       = {2015}
}

@article{arobots/TurpinMMK14,
  author    = {Matthew Turpin and
               Kartik Mohta and
               Nathan Michael and
               Vijay Kumar},
  bibsource = {dblp computer science bibliography, https://dblp.org},
  biburl    = {https://dblp.org/rec/journals/arobots/TurpinMMK14.bib},
  doi       = {10.1007/s10514-014-9412-1},
  journal   = {Auton. Robots},
  number    = {4},
  pages     = {401--415},
  timestamp = {Fri, 30 Nov 2018 13:21:33 +0100},
  title     = {Goal assignment and trajectory planning for large teams of interchangeable
               robots},
  url       = {https://doi.org/10.1007/s10514-014-9412-1},
  volume    = {37},
  year      = {2014}
}

@article{tssc/HartNR68,
  author    = {Peter E. Hart and
               Nils J. Nilsson and
               Bertram Raphael},
  bibsource = {dblp computer science bibliography, https://dblp.org},
  biburl    = {https://dblp.org/rec/journals/tssc/HartNR68.bib},
  doi       = {10.1109/TSSC.1968.300136},
  journal   = {{IEEE} Trans. Syst. Sci. Cybern.},
  number    = {2},
  pages     = {100--107},
  timestamp = {Sat, 25 Apr 2020 13:57:19 +0200},
  title     = {A Formal Basis for the Heuristic Determination of Minimum Cost Paths},
  url       = {https://doi.org/10.1109/TSSC.1968.300136},
  volume    = {4},
  year      = {1968}
}

